@book{weaklearnability,
  author    = {R. E. Schapire}, 
  title     = {The strength of weak learnability},
  publisher = {Kluwer Academic Publishers},
  year      = 1990,
  note      = {p. 197-227},
}
@MISC{boosting,
    author = {Robert E. Schapire and Yoav Freund and Peter Bartlett and Wee Sun Lee},
    title = {Boosting the Margin: A New Explanation for the Effectiveness of Voting Methods},
    year = {1997}
}


@book{ensembleML,
  author    = {C.Zhang and Y.MA}, 
  title     = {Ensemble Machine Learning ,Methods and Applications},
  publisher = {Landon: Springer},
  year      = 2012,
  note      = {pp.254-270},
}

@article{UNet,
  author    = {Olaf Ronneberger and
               Philipp Fischer and
               Thomas Brox},
  title     = {U-Net: Convolutional Networks for Biomedical Image Segmentation},
  journal   = {CoRR},
  volume    = {abs/1505.04597},
  year      = {2015},
  url       = {http://arxiv.org/abs/1505.04597},
  archivePrefix = {arXiv},
  eprint    = {1505.04597},
  timestamp = {Mon, 13 Aug 2018 16:46:52 +0200},
  biburl    = {https://dblp.org/rec/bib/journals/corr/RonnebergerFB15},
  bibsource = {dblp computer science bibliography, https://dblp.org}
}

@ARTICLE{bidirectionalrecurrent,
    author = {Mike Schuster and Kuldip K. Paliwal and A. General},
    title = {Bidirectional recurrent neural networks},
    journal = {IEEE Transactions on Signal Processing},
    year = {1997}
}

@article{LSTM,
 author = {Hochreiter, Sepp and Schmidhuber, J\"{u}rgen},
 title = {Long Short-Term Memory},
 journal = {Neural Comput.},
 issue_date = {November 15, 1997},
 volume = {9},
 number = {8},
 month = nov,
 year = {1997},
 issn = {0899-7667},
 pages = {1735--1780},
 numpages = {46},
 url = {http://dx.doi.org/10.1162/neco.1997.9.8.1735},
 doi = {10.1162/neco.1997.9.8.1735},
 acmid = {1246450},
 publisher = {MIT Press},
 address = {Cambridge, MA, USA},
} 

@inproceedings{HofferHS17,
  author    = {Elad Hoffer and
               Itay Hubara and
               Daniel Soudry},
  title     = {Train longer, generalize better: closing the generalization gap in
               large batch training of neural networks},
  booktitle = {Advances in Neural Information Processing Systems 30: Annual Conference
               on Neural Information Processing Systems 2017, 4-9 December 2017,
               Long Beach, CA, {USA}},
  pages     = {1729--1739},
  year      = {2017},
  url       = {http://papers.nips.cc/paper/6770-train-longer-generalize-better-closing-the-generalization-gap-in-large-batch-training-of-neural-networks},
  timestamp = {Mon, 27 Nov 2017 12:38:16 +0100},
  biburl    = {https://dblp.org/rec/bib/conf/nips/HofferHS17},
  bibsource = {dblp computer science bibliography, https://dblp.org}
}

@inproceedings{GlorotB10,
  author    = {Xavier Glorot and
               Yoshua Bengio},
  title     = {Understanding the difficulty of training deep feedforward neural networks},
  booktitle = {Proceedings of the Thirteenth International Conference on Artificial
               Intelligence and Statistics, {AISTATS} 2010, Chia Laguna Resort, Sardinia,
               Italy, May 13-15, 2010},
  pages     = {249--256},
  year      = {2010},
  url       = {http://www.jmlr.org/proceedings/papers/v9/glorot10a.html},
  timestamp = {Thu, 11 Sep 2014 07:28:56 +0200},
  biburl    = {https://dblp.org/rec/bib/journals/jmlr/GlorotB10},
  bibsource = {dblp computer science bibliography, https://dblp.org}
}

@article{Adam,
  author    = {Diederik P. Kingma and
               Jimmy Ba},
  title     = {Adam: {A} Method for Stochastic Optimization},
  journal   = {CoRR},
  volume    = {abs/1412.6980},
  year      = {2014},
  url       = {http://arxiv.org/abs/1412.6980},
  archivePrefix = {arXiv},
  eprint    = {1412.6980},
  timestamp = {Mon, 13 Aug 2018 16:47:35 +0200},
  biburl    = {https://dblp.org/rec/bib/journals/corr/KingmaB14},
  bibsource = {dblp computer science bibliography, https://dblp.org}
}

@article{UTD-MHAD,
author = {Chen, Chen},
year = {2015},
month = {09},
pages = {},
title = {UTD-MHAD: A Multimodal Dataset for Human Action Recognition Utilizing a Depth Camera and a Wearable Inertial Sensor},
doi = {10.1109/ICIP.2015.7350781}
}

@INPROCEEDINGS{1570899, 
author={P. Dollar and V. Rabaud and G. Cottrell and S. Belongie}, 
booktitle={2005 IEEE International Workshop on Visual Surveillance and Performance Evaluation of Tracking and Surveillance},
title={Behavior recognition via sparse spatio-temporal features}, 
year={2005}, 
volume={}, 
number={}, 
pages={65-72}, 
keywords={image recognition;object detection;behavior recognition;spatio-temporal features;object recognition;Object recognition;Object detection;Detectors;Mice;Computer vision;Robustness;Spatiotemporal phenomena;Video sequences;Prototypes;Computer science}, 
doi={10.1109/VSPETS.2005.1570899}, 
ISSN={}, 
month={Oct}
}

@INPROCEEDINGS{1238378, 
author={Laptev and Lindeberg}, 
booktitle={Proceedings Ninth IEEE International Conference on Computer Vision}, 
title={Space-time interest points}, 
year={2003}, 
volume={}, 
number={}, 
pages={432-439 vol.1}, 
keywords={image motion analysis;image representation;spatiotemporal phenomena;computer vision;feature extraction;image pattern representation;spatial interest point;spatio-temporal domain;video data representation;spatio-temporal event detection;scale-invariant spatio-temporal descriptor;human motion analysis;Event detection;Computer vision;Image motion analysis;Motion analysis;Layout;Indexing;Optical computing;Spatiotemporal phenomena;Acceleration;Videoconference}, 
doi={10.1109/ICCV.2003.1238378}, 
ISSN={}, 
month={Oct}
}

@INPROCEEDINGS{5995407, 
author={H. Wang and A. Kl√§ser and C. Schmid and C. Liu}, 
booktitle={CVPR 2011}, 
title={Action recognition by dense trajectories}, 
year={2011}, 
volume={}, 
number={}, 
pages={3169-3176}, 
keywords={cameras;feature extraction;image classification;image motion analysis;image sampling;image sequences;action recognition;dense trajectories;feature trajectories;KLT tracker;SIFT descriptor matching;feature extraction;image classification;optical flow field;motion boundary histograms;camera motion;uncontrolled realistic videos;bag-of-features approach;Trajectory;Videos;Tracking;Optical imaging;Training;Feature extraction;Cameras}, 
doi={10.1109/CVPR.2011.5995407}, 
ISSN={1063-6919}, 
month={June}
}

@ARTICLE{4487086, 
author={T. Choudhury and G. Borriello and S. Consolvo and D. Haehnel and B. Harrison and B. Hemingway and J. Hightower and P. ". Klasnja and K. Koscher and A. LaMarca and J. A. Landay and L. LeGrand and J. Lester and A. Rahimi and A. Rea and D. Wyatt}, 
journal={IEEE Pervasive Computing}, 
title={The Mobile Sensing Platform: An Embedded Activity Recognition System}, 
year={2008}, 
volume={7}, 
number={2}, 
pages={32-41}, 
keywords={sensors;ubiquitous computing;mobile sensing;embedded activity recognition system;activity-aware systems;user interfaces;smart environments;surveillance;emergency response;military missions;body-worn sensors;healthcare applications;wearable systems;real-time activity information;activity recognition systems;Accelerometers;Ubiquitous computing;Privacy;Medical services;Protection;Robustness;Software design;Algorithm design and analysis;Software algorithms;Pervasive computing;activity recognition;embedded systems;machine learning;wearable computers}, 
doi={10.1109/MPRV.2008.39}, 
ISSN={1536-1268}, 
month={April}
}

@INPROCEEDINGS{7881728, 
author={Song-Mi Lee and Sang Min Yoon and Heeryon Cho}, 
booktitle={2017 IEEE International Conference on Big Data and Smart Computing (BigComp)}, 
title={Human activity recognition from accelerometer data using Convolutional Neural Network}, 
year={2017}, 
volume={}, 
number={}, 
pages={131-134}, 
keywords={accelerometers;convolution;gait analysis;neural nets;human activity recognition;1D convolutional neural network;triaxial accelerometer data;walking;running;staying still;smartphone accelerometer sensor;vector magnitude;ternary activity recognition performance;baseline random forest approach;Activity recognition;Accelerometers;Intelligent sensors;Hidden Markov models;Smart phones;Time series analysis;human activity recognition;convolutional neural network;3D accelerometer data;random forest}, 
doi={10.1109/BIGCOMP.2017.7881728}, 
ISSN={2375-9356}, 
month={Feb}
}
@article{abs-1106-0257,
  author    = {Richard Maclin and
               David W. Opitz},
  title     = {Popular Ensemble Methods: An Empirical Study},
  journal   = {CoRR},
  volume    = {abs/1106.0257},
  year      = {2011},
  url       = {http://arxiv.org/abs/1106.0257},
  archivePrefix = {arXiv},
  eprint    = {1106.0257},
  timestamp = {Mon, 13 Aug 2018 16:47:18 +0200},
  biburl    = {https://dblp.org/rec/bib/journals/corr/abs-1106-0257},
  bibsource = {dblp computer science bibliography, https://dblp.org}
}

@InProceedings{KarpathyCVPR14,
author = {Andrej Karpathy and George Toderici and Sanketh Shetty and Thomas Leung and Rahul Sukthankar and Li Fei-Fei},
title = {Large-scale Video Classification with Convolutional Neural Networks},
booktitle = {CVPR},
OPTyear = {2014}
}

@article{SimonyanZ14,
  author    = {Karen Simonyan and
               Andrew Zisserman},
  title     = {Two-Stream Convolutional Networks for Action Recognition in Videos},
  journal   = {CoRR},
  volume    = {abs/1406.2199},
  year      = {2014},
  url       = {http://arxiv.org/abs/1406.2199},
  archivePrefix = {arXiv},
  eprint    = {1406.2199},
  timestamp = {Mon, 13 Aug 2018 16:47:39 +0200},
  biburl    = {https://dblp.org/rec/bib/journals/corr/SimonyanZ14},
  bibsource = {dblp computer science bibliography, https://dblp.org}
}

@article{DonahueHGRVSD14,
  author    = {Jeff Donahue and
               Lisa Anne Hendricks and
               Sergio Guadarrama and
               Marcus Rohrbach and
               Subhashini Venugopalan and
               Kate Saenko and
               Trevor Darrell},
  title     = {Long-term Recurrent Convolutional Networks for Visual Recognition
               and Description},
  journal   = {CoRR},
  volume    = {abs/1411.4389},
  year      = {2014},
  url       = {http://arxiv.org/abs/1411.4389},
  archivePrefix = {arXiv},
  eprint    = {1411.4389},
  timestamp = {Mon, 13 Aug 2018 16:46:59 +0200},
  biburl    = {https://dblp.org/rec/bib/journals/corr/DonahueHGRVSD14},
  bibsource = {dblp computer science bibliography, https://dblp.org}
}

@article{TranBFTP14,
  author    = {Du Tran and
               Lubomir D. Bourdev and
               Rob Fergus and
               Lorenzo Torresani and
               Manohar Paluri},
  title     = {{C3D:} Generic Features for Video Analysis},
  journal   = {CoRR},
  volume    = {abs/1412.0767},
  year      = {2014},
  url       = {http://arxiv.org/abs/1412.0767},
  archivePrefix = {arXiv},
  eprint    = {1412.0767},
  timestamp = {Mon, 13 Aug 2018 16:49:14 +0200},
  biburl    = {https://dblp.org/rec/bib/journals/corr/TranBFTP14},
  bibsource = {dblp computer science bibliography, https://dblp.org}
}

@article{YaoTCBPLC,
   author = {{Yao}, L. and {Torabi}, A. and {Cho}, K. and {Ballas}, N. and 
	{Pal}, C. and {Larochelle}, H. and {Courville}, A.},
    title = "{Describing Videos by Exploiting Temporal Structure}",
  journal = {ArXiv e-prints},
archivePrefix = "arXiv",
   eprint = {1502.08029},
 primaryClass = "stat.ML",
 keywords = {Statistics - Machine Learning, Computer Science - Artificial Intelligence, Computer Science - Computation and Language, Computer Science - Computer Vision and Pattern Recognition, Computer Science - Machine Learning},
     year = 2015,
    month = feb,
   adsurl = {http://adsabs.harvard.edu/abs/2015arXiv150208029Y},
  adsnote = {Provided by the SAO/NASA Astrophysics Data System}
}

@article{FeichtenhoferPZ16,
  author    = {Christoph Feichtenhofer and
               Axel Pinz and
               Andrew Zisserman},
  title     = {Convolutional Two-Stream Network Fusion for Video Action Recognition},
  journal   = {CoRR},
  volume    = {abs/1604.06573},
  year      = {2016},
  url       = {http://arxiv.org/abs/1604.06573},
  archivePrefix = {arXiv},
  eprint    = {1604.06573},
  timestamp = {Mon, 13 Aug 2018 16:45:57 +0200},
  biburl    = {https://dblp.org/rec/bib/journals/corr/FeichtenhoferPZ16},
  bibsource = {dblp computer science bibliography, https://dblp.org}
}

@article{WangXW0LTG16,
  author    = {Limin Wang and
               Yuanjun Xiong and
               Zhe Wang and
               Yu Qiao and
               Dahua Lin and
               Xiaoou Tang and
               Luc Van Gool},
  title     = {Temporal Segment Networks: Towards Good Practices for Deep Action
               Recognition},
  journal   = {CoRR},
  volume    = {abs/1608.00859},
  year      = {2016},
  url       = {http://arxiv.org/abs/1608.00859},
  archivePrefix = {arXiv},
  eprint    = {1608.00859},
  timestamp = {Mon, 13 Aug 2018 16:47:46 +0200},
  biburl    = {https://dblp.org/rec/bib/journals/corr/WangXW0LTG16},
  bibsource = {dblp computer science bibliography, https://dblp.org}
}

@article{GirdharRGSR17,
  author    = {Rohit Girdhar and
               Deva Ramanan and
               Abhinav Gupta and
               Josef Sivic and
               Bryan C. Russell},
  title     = {ActionVLAD: Learning spatio-temporal aggregation for action classification},
  journal   = {CoRR},
  volume    = {abs/1704.02895},
  year      = {2017},
  url       = {http://arxiv.org/abs/1704.02895},
  archivePrefix = {arXiv},
  eprint    = {1704.02895},
  timestamp = {Mon, 13 Aug 2018 16:49:12 +0200},
  biburl    = {https://dblp.org/rec/bib/journals/corr/GirdharRGSR17},
  bibsource = {dblp computer science bibliography, https://dblp.org}
}
@article{ZhuLNH17a,
  author    = {Yi Zhu and
               Zhen{-}Zhong Lan and
               Shawn D. Newsam and
               Alexander G. Hauptmann},
  title     = {Hidden Two-Stream Convolutional Networks for Action Recognition},
  journal   = {CoRR},
  volume    = {abs/1704.00389},
  year      = {2017},
  url       = {http://arxiv.org/abs/1704.00389},
  archivePrefix = {arXiv},
  eprint    = {1704.00389},
  timestamp = {Mon, 13 Aug 2018 16:47:37 +0200},
  biburl    = {https://dblp.org/rec/bib/journals/corr/ZhuLNH17a},
  bibsource = {dblp computer science bibliography, https://dblp.org}
}

@article{CarreiraZ17,
  author    = {Jo{\~{a}}o Carreira and
               Andrew Zisserman},
  title     = {Quo Vadis, Action Recognition? {A} New Model and the Kinetics Dataset},
  journal   = {CoRR},
  volume    = {abs/1705.07750},
  year      = {2017},
  url       = {http://arxiv.org/abs/1705.07750},
  archivePrefix = {arXiv},
  eprint    = {1705.07750},
  timestamp = {Mon, 13 Aug 2018 16:47:23 +0200},
  biburl    = {https://dblp.org/rec/bib/journals/corr/CarreiraZ17},
  bibsource = {dblp computer science bibliography, https://dblp.org}
}

@article{AliMVAMRL,
  author    = {Ali Diba and
               Mohsen Fayyaz and
               Vivek Sharma and
               Amir Hossein Karami and
               Mohammad Mahdi Arzani and
               Rahman Yousefzadeh and
               Luc Van Gool},
  title     = {Temporal 3D ConvNets: New Architecture and Transfer Learning for Video
               Classification},
  journal   = {CoRR},
  volume    = {abs/1711.08200},
  year      = {2017},
  url       = {http://arxiv.org/abs/1711.08200},
  archivePrefix = {arXiv},
  eprint    = {1711.08200},
  timestamp = {Mon, 13 Aug 2018 16:48:57 +0200},
  biburl    = {https://dblp.org/rec/bib/journals/corr/abs-1711-08200},
  bibsource = {dblp computer science bibliography, https://dblp.org}
}